@misc{Hist-talk,
  author       = {Fernando Q. Gouvêa},
  howpublished = {AMS Talk Notes},
  title        = {Hensel’s p-adic Numbers: early history},
  year         = {1999},
  note         = {From \url{https://www-fourier.ujf-grenoble.fr/~panchish/Mag2009L3/GouveaHensel2.pdf}}
}

@book{Robert-analysis,
  author    = {Alain M. Robert},
  publisher = {Springer},
  title     = {A Course in p-adic Analysis},
  year      = {2000}
}

@book{g-introduction,
  author    = {Fernando Q. Gouvêa},
  editor    = {},
  publisher = {Springer},
  title     = {p-adic Numbers: An Introduction},
  edition   = {Third},
  year      = {2020}
}


@article{genesis,
  author  = {Peter Ullrich},
  journal = {Charlemagne And His Heritage: 1200 Years Of Civilization And Science In Europe},
  number  = {},
  title   = {The genesis of {Hensel's} p-adic numbers},
  volume  = {Volume 2},
  year    = {1998},
  pages   = {163-178}
}


@misc{quant,
  author       = {Kelsey {Houston-Edwards
                  }},
  howpublished = {From \url{https://www.quantamagazine.org/how-the-towering-p-adic-numbers-work-20201019/}},
  title        = {An Infinite Universe of Number Systems},
  year         = {2020}
}